<record><leader>00000cas a22000007a 4500</leader><controlfield tag="001">11352767</controlfield><controlfield tag="008">841106d18601861mnuwr ne      0    0eng d</controlfield><datafield ind1=" " ind2=" " tag="010"><subfield code="a">sn 84024823 </subfield></datafield><datafield ind1=" " ind2=" " tag="040"><subfield code="a">NPV</subfield><subfield code="b">eng</subfield><subfield code="c">NPV</subfield><subfield code="d">MN#</subfield><subfield code="d">OCL</subfield><subfield code="d">OCLCQ</subfield><subfield code="d">OCLCF</subfield><subfield code="d">OCLCO</subfield></datafield><datafield ind1=" " ind2=" " tag="042"><subfield code="a">msc</subfield></datafield><datafield ind1=" " ind2=" " tag="043"><subfield code="a">n-us-mn</subfield></datafield><datafield ind1=" " ind2=" " tag="052"><subfield code="a">4144</subfield><subfield code="b">O9</subfield></datafield><datafield ind1=" " ind2=" " tag="052"><subfield code="a">4143</subfield><subfield code="b">S7</subfield></datafield><datafield ind1="0" ind2="0" tag="245"><subfield code="a">Steele County news letter.</subfield></datafield><datafield ind1=" " ind2=" " tag="260"><subfield code="a">Owatonna, Minn. :</subfield><subfield code="b">A.B. Cornell</subfield></datafield><datafield ind1=" " ind2=" " tag="300"><subfield code="a">v. ;</subfield><subfield code="c">61 cm.</subfield></datafield><datafield ind1=" " ind2=" " tag="310"><subfield code="a">Weekly</subfield></datafield><datafield ind1="1" ind2=" " tag="362"><subfield code="a">Began in Mar. 1860; ceased in Dec. 1861.</subfield><subfield code="z">Cf. Hage, G.S. Newspapers on the Minn. frontier.</subfield></datafield><datafield ind1=" " ind2=" " tag="530"><subfield code="a">Available on microfilm from the Minnesota Historical Society.</subfield></datafield><datafield ind1=" " ind2=" " tag="588"><subfield code="a">Description based on: Vol. 1, no. 32 (Oct. 16, 1860).</subfield></datafield><datafield ind1=" " ind2="0" tag="651"><subfield code="a">Steele County (Minn.)</subfield><subfield code="v">Newspapers.</subfield></datafield><datafield ind1=" " ind2="7" tag="655"><subfield code="a">Newspapers.</subfield><subfield code="2">fast</subfield><subfield code="0">(OCoLC)fst01423814</subfield></datafield><datafield ind1=" " ind2="7" tag="651"><subfield code="a">Minnesota</subfield><subfield code="z">Steele County.</subfield><subfield code="2">fast</subfield><subfield code="0">(OCoLC)fst01214843</subfield></datafield><datafield ind1=" " ind2=" " tag="752"><subfield code="a">United States</subfield><subfield code="b">Minnesota</subfield><subfield code="c">Steele</subfield><subfield code="d">Owatonna.</subfield></datafield><datafield ind1="0" ind2="0" tag="785"><subfield code="t">Owatonna union express</subfield><subfield code="w">(DLC)sn 84031716</subfield></datafield></record>